<record><leader>00000cas a22000007a 4500</leader><controlfield tag="001">12789170</controlfield><controlfield tag="008">851113d18781878wvuwr ne      0    0eng d</controlfield><datafield ind1=" " ind2=" " tag="010"><subfield code="a">sn 85059644 </subfield></datafield><datafield ind1=" " ind2=" " tag="040"><subfield code="a">WVC</subfield><subfield code="b">eng</subfield><subfield code="c">WVC</subfield><subfield code="d">OCL</subfield><subfield code="d">OCLCQ</subfield></datafield><datafield ind1=" " ind2=" " tag="042"><subfield code="a">msc</subfield></datafield><datafield ind1="0" ind2=" " tag="130"><subfield code="a">Grant County gazette (Petersburg, W. Va.)</subfield></datafield><datafield ind1="1" ind2="0" tag="245"><subfield code="a">Grant County gazette.</subfield></datafield><datafield ind1=" " ind2=" " tag="260"><subfield code="a">Petersburg, W. Va. :</subfield><subfield code="b">S.D. Gordon &amp; Thomas E. Wells</subfield></datafield><datafield ind1=" " ind2=" " tag="300"><subfield code="a">v.</subfield></datafield><datafield ind1=" " ind2=" " tag="310"><subfield code="a">Weekly</subfield></datafield><datafield ind1="1" ind2=" " tag="362"><subfield code="a">Began in 1878; ceased in 1878?</subfield></datafield><datafield ind1=" " ind2=" " tag="588"><subfield code="a">Description based on: Vol. 1, no. 4 (July 26, 1878).</subfield></datafield><datafield ind1=" " ind2=" " tag="752"><subfield code="a">United States</subfield><subfield code="b">West Virginia</subfield><subfield code="c">Grant</subfield><subfield code="d">Petersburg.</subfield></datafield><datafield ind1="0" ind2="0" tag="785"><subfield code="t">South Branch gazette</subfield><subfield code="w">(DLC)sn 85059645</subfield></datafield><datafield ind1="1" ind2=" " tag="029"><subfield code="a">AU@</subfield><subfield code="b">000025808114</subfield></datafield></record>